% !TEX root = main.tex



@article{ChongEtAl:2017:Qlang,
	Author = {Chong, Frederic T. and Franklin, Diana and Martonosi, Margaret},
	Journal = {Nature},
	Month = {09},
	Number = {7671},
	Pages = {180--187},
	Title = {Programming languages and compiler design for realistic quantum hardware},
	Volume = {549},
	Year = {2017}}

@inproceedings{Thomsen:2012:IFL,
	Author = {Thomsen, Michael Kirkedal},
	Booktitle = {Implementation and Application of Functional Languages, IFL '12},
	Pages = {148--163},
	Series = {LNCS},
	Title = {Describing and Optimizing Reversible Logic using a Functional Language},
	Volume = {7257},
	Year = {2012}}


@inproceedings{KaarsgaardThomsen:2017:NWPT,
	Author = {Kaarsgaard, Robin and Thomsen, Michael Kirkedal},
	Booktitle = {Nordic Workshop in Program Theory, NWPT '17},
	Pages = {65--67},
	Series = {LNCS},
	Title = {RFun Revisited},
	Year = {2017}}

@inproceedings{YokoyamaAxelsenGlueck:2012:LNCS,
	Author = {Tetsuo Yokoyama and Holger Bock Axelsen and Gl\"{u}ck, Robert},
	Booktitle = {Reversible Computation, RC '11},
	Pages = {14--29},
	Series = {LNCS},
	Title = {Towards a reversible functional language},
	Volume = {7165},
	Year = {2012}}



@inproceedings{ThomsenAxelsen:2016:IFL,
	Author = {Thomsen, Michael Kirkedal and Axelsen, Holger Bock},
	Booktitle = {Proceedings of the 27th Symposium on the Implementation and Application of Functional Programming Languages},
	Pages = {8:1--8:13},
	Publisher = {ACM},
	Series = {IFL '15},
	Title = {Interpretation and Programming of the Reversible Functional Language},
	Year = {2016}}
@inproceedings{AxelsenYokoyama:2015:APLAS,
	Author = {Axelsen, Holger Bock and Yokoyama, Tetsuo},
	Booktitle = {Programming Languages and Systems. Proceedings (APLAS)},
	Editor = {Xinyu Feng and Sungwoo Park},
	Pages = {407--426},
	Publisher = {Springer},
	Series = {LNCS},
	Title = {Programming Techniques for Reversible Comparison Sorts},
	Volume = {9458},
	Year = {2015}
	}
@inproceedings{GreenEtAl:2013:Quip,
	Author = {Green, Alexander S. and Lumsdaine, Peter LeFanu and Ross, Neil J. and Selinger, Peter and Valiron, Beno\^{\i}t},
	Booktitle = {Conference on Programming Language Design and Implementation, PLDI},
	Pages = {333--342},
	Publisher = {ACM},
	Series = {PLDI '13},
	Title = {Quipper: A Scalable Quantum Programming Language},
	Year = {2013}}

@inproceedings{Thomsen:2012:FDL,
	Author = {Thomsen, Michael Kirkedal},
	Booktitle = {Specification \& Design Languages, FDL 2012},
	Pages = {135--142},
	Publisher = {{IEEE}},
	Title = {A Functional Language for Describing Reversible Logic},
	Year = {2012}}

@inproceedings{SchultzLEA:2015,
	Author = {Schultz, Ulrik Pagh and Laursen, Johan Sund and Ellekilde, Lars{-}Peter and Axelsen, Holger Bock},
	Booktitle = {Reversible Computation - 7th International Conference, {RC} 2015, Grenoble, France, July 16-17, 2015, Proceedings},
	OPTCrossref = {DBLP:conf/rc/2015},
	Editor = {Krivine, Jean and Stefani, Jean{-}Bernard },
	Pages = {111--126},
	Title = {Towards a Domain-Specific Language for Reversible Assembly Sequences},
	Volume = {9138},
	Year = {2015}}

@incollection{Mogensen:2015:GC,
	Author = {Mogensen, Torben \Ae.},
	Booktitle = {Reversible Computation},
	Editor = {Krivine, Jean and Stefani, Jean-Bernard},
	Pages = {79-94},
	Publisher = {Springer International Publishing},
	Series = {Lecture Notes in Computer Science},
	Title = {Garbage Collection for Reversible Functional Languages},
	Volume = {9138},
	Year = {2015}}

@article{YokoyamaAxelsenGlueck:2011:MVLSC,
	Author = {Tetsuo Yokoyama and Holger Bock Axelsen and Gl\"{u}ck, Robert},
	Journal = {Multiple-Valued Logic and Soft Computing},
	Number = {1},
	Pages = {5--24},
	Title = {Optimizing Reversible Simulation of Injective Functions},
	Volume = {18},
	Year = {2012}}


@article{Lecerf:1963,
	Author = {Lecerf, Y.},
	Journal = {Comptes Rendus Hebdomadaires des S\'{e}ances de l'Acad\'{e}mie des Sciences},
	Pages = {2597--2600},
	Title = {Machines de {T}uring R\'{e}versibles},
	Volume = {257},
	Year = {1963}}

 
@inproceedings{YokoyamaAxelsenGluck:2012,
	Author = {Yokoyama, T. and Axelsen, H.B. and Gl\"{u}ck, Robert},
	Booktitle = {Networking and Computing (ICNC), 2012 Third International Conference on},
	Pages = {379-387},
	Title = {Minimizing garbage size by generating reversible simulations},
	Year = {2012}}

@inproceedings{YokoyamaAxelsenGlueck:2008:ICALP,
	Author = {Yokoyama, Tetsuo and Axelsen, Holger Bock and Gl\"{u}ck, Robert},
	Booktitle = {Automata, Languages and Programming. Proceedings},
	Editor = {Luca Aceto and Ivan Damg{\aa}rd and Leslie Ann Goldberg and Magn\'{u}s M. Halld\'{o}rsson and Anna Ing\'{o}lfsd\'{o}ttir and Igor Walukiewicz},
	Pages = {258--270},
	Publisher = {Springer-Verlag},
	Series = {LNCS},
	Title = {Reversible Flowchart Languages and the Structured Reversible Program Theorem},
	Volume = {5126},
	Year = {2008}}

@article{Huffman:1959,
	Author = {Huffman, David A.},
	Journal = {{IRE} Transactions on Information Theory},
	Number = {5},
	Pages = {41--59},
	Title = {Canonical Forms for Information-Lossless Finite-State Logical Machines},
	Volume = {5},
	Year = {1959}}

@article{YokoyamaEtAl:2015,
	Author = {Yokoyama, Tetsuo and Axelsen, Holger Bock and Gl\"{u}ck, Robert},
	Journal = {Theoretical Computer Science},
	OPTPages = {-},
	OPTdoi = {10.1016/j.tcs.2015.07.046},
	note = {dx.doi.org/10.1016/j.tcs.2015.07.046. Article in press},
	Title = {Fundamentals of reversible flowchart languages},
	Year = {2015}}

@article{VedralBarencoEkert:1996,
	Author = {Vedral, Vlatko and Barenco, Adriano and Ekert, Artur},
	Journal = {Physical Review A},
	Number = {1},
	Pages = {147--153},
	Title = {Quantum networks for elementary arithmetic operations},
	Volume = {54},
	Year = {1996}}

@article{CuccaroEtAl:2005,
	Author = {Cuccaro, Steven A. and Draper, Thomas G. and Kutin, Samuel A. and Moulton, David Petrie},
	Journal = {arXiv:quant-ph/0410184v1},
	Title = {A new quantum ripple-carry addition circuit},
	Year = {2005}}


@inproceedings{AxelsenGluck:2013:RC,
	Author = {Axelsen, Holger Bock and Gl\"{u}ck, Robert},
	Booktitle = {Reversible Computation},
	Editor = {Dueck, Gerhard W. and Miller, D. Michael},
	Pages = {96--109},
	Series = {LNCS},
	Title = {Reversible Representation and Manipulation of Constructor Terms in the Heap},
	Volume = {7948},
	Year = {2013}}


@inproceedings{Mogensen:2014:RC,
	Author = {Mogensen, Torben {\AE}gidius},
	Booktitle = {Reversible Computation},
	Editor = {Yamashita, Shigeru and Minato, Shin-ichi},
	Pages = {82--94},
	Publisher = {Springer International Publishing},
	Series = {Lecture Notes in Computer Science},
	Title = {Reference Counting for Reversible Languages},
	Volume = {8507},
	Year = {2014}}

@article{Bennett:1973,
	Author = {Bennett, Charles H.},
	Journal = {IBM Journal of Research and Development},
	Number = {6},
	Pages = {525--532},
	Title = {Logical Reversibility of Computation},
	Volume = {17},
	Year = {1973}}

@article{Landauer:1961,
	Author = {Landauer, Rolf},
	Journal = {IBM Journal of Research and Development},
	Number = {3},
	Pages = {183--191},
	Title = {Irreversibility and heat generation in the computing process},
	Volume = {5},
	Year = {1961}}

@inproceedings{AxelsenGlueck:2011:FoSSaCS,
	Author = {Holger Bock Axelsen and Gl\"{u}ck, Robert},
	Booktitle = {Foundations of Software Science and Computational Structures},
	Editor = {Martin Hofmann},
	Pages = {42--56},
	Publisher = {Springer-Verlag},
	Series = {LNCS},
	Title = {What Do Reversible Programs Compute?},
	Volume = {6604},
	Year = {2011}}

@inproceedings{Mogensen:2015:RC,
	Author = {Mogensen, Torben {\AE}gidius},
	Booktitle = {Reversible Computation},
	Editor = {Krivine, Jean and Stefani, Jean-Bernard},
	Pages = {79--94},
	Publisher = {Springer International Publishing},
	Series = {Lecture Notes in Computer Science},
	Title = {Garbage Collection for Reversible Functional Languages},
	Volume = {9138},
	Year = {2015}}


@unpublished{JamesSabry:2014:RC,
	Author = {James, Roshan P. and Sabry, Amr},
	OptNote = {Work in progress paper at RC 2014},
	Title = {Theseus: A High Level Language for Reversible Computing},
	Year = {2014},
	Note = {Work in progress paper at RC 2014. Available at \url{www.cs.indiana.edu/~sabry/papers/theseus.pdf}}
	}



@article{BerutEtal:2012:Nat,
	Author = {B\'erut, Antoine and Arakelyan, Artak and Petrosyan, Artyom and Ciliberto, Sergio and Dillenschneider, Raoul and Lutz, Eric},
	Journal = {Nature},
	Number = {7388},
	Pages = {187--189},
	Title = {Experimental verification of {Landauer's} principle linking information and thermodynamics},
	Volume = {483},
	Year = {2012}}

@article{OrlovEtal:2012,
	Author = {Alexei O. Orlov and Craig S. Lent and Cameron C. Thorpe and Graham P. Boechler and Gregory L. Snider},
	Journal = {Japanese Journal of Applied Physics},
	Pages = {06FE10},
	Title = {Experimental Test of {L}andauer's Principle at the Sub-$k_{\mathrm{\uppercase{B}}} {T}$ Level},
	Volume = {51},
	Year = {2012}}

@incollection{SchordanEtal:2015:RC,
	Author = {Schordan, Markus and Jefferson, David and Barnes, Peter and Oppelstrup, Tomas and Quinlan, Daniel},
	Booktitle = {Reversible Computation},
	Editor = {Krivine, Jean and Stefani, Jean-Bernard},
	Pages = {95--110},
	Publisher = {Springer},
	Series = {9138},
	Title = {Reverse Code Generation for Parallel Discrete Event Simulation},
	Year = {2015}}


@misc{LutzDerby:1986,
	Author = {Lutz, Christopher and Derby, Howard},
	Howpublished = {A letter to {R. Landauer.} \verb+http://tetsuo.jp/ref/janus.pdf+},
	Title = {Janus: A Time-reversible Language},
	Year = {1986}}


@inproceedings{YokoyamaGlueck:2007:Janus,
	Author = {Yokoyama, Tetsuo and Gl\"{u}ck, Robert},
	Booktitle = {Partial Evaluation and Program Manipulation. PEPM '07},
	Pages = {144--153},
	Publisher = {{ACM}},
	Title = {A reversible programming language and its invertible self-interpreter},
	Year = {2007}}

@phdthesis{Frank:1999,
	Author = {Frank, Michael P.},
	School = {MIT, EECS},
	Title = {Reversibility for Efficient Computing},
	Year = {1999}}

@inproceedings{Axelsen:2011:CC,
	Author = {Axelsen, Holger Bock},
	Booktitle = {Compiler Construction. CC '11},
	Editor = {Jens Knoop},
	Pages = {142--161},
	Publisher = {Springer-Verlag},
	Series = {LNCS},
	Title = {Clean Translation of an Imperative Reversible Programming Language},
	Volume = {6601},
	Year = {2011}}

@phdthesis{Polakow:2001,
  Author = {Polakow, Jeff},
  School = {Carnegie Mellon University},
  Title = {Ordered Linear Logic and Applications},
  Year = {2001}
}